@TechReport{WPPMI2014Report,
  author = 	 {R. Kemp and H. Lux and J. Morris and M. Kovari and P. Knight and et al.},
  title = 	 {Report on the Systems Code Activities by CCFE in 2014},
  institution =  {EuroFusion},
  year = 	 {2014},
  OPTkey = 	 {},
  OPTtype = 	 {},
  number = 	 {EFDA\_D\_2M94N2 v1.0 - PMI-7.1-2},
  OPTaddress = 	 {},
  month = 	 {Dec.},
  OPTnote = 	 {https://idm.euro-fusion.org/?uid=2M94N2&version=v1.0&action=get_document},
  OPTannote = 	 {}
}

