



@Book{Luenberger2008,
  author = 	 {D. G. Luenberger and Yinyu Ye},
  title = 	 {"Linear and Nonlinear Programming"},
  publisher = 	 {Springer Science and Business Media LCC,},
  year = 	 {2008},
  OPTkey = 	 {},
  OPTvolume = 	 {},
  OPTnumber = 	 {},
  series = 	 {International Series in Operations Research and Management Science},
  OPTaddress = 	 {},
  edition = 	 {3rd Edition},
  OPTmonth = 	 {},
  OPTnote = 	 {},
  OPTannote = 	 {}
}

@Book{Bazaraa1993,
  author = 	 {M. S. Bazaraa, H. D. Sherali and C. M. Shetty},
  title = 	 {"Nonlinear Programming: Theory and Algorithms"},
  publisher = 	 {John Wiley \& Sons, Inc., New York},
  year = 	 {1993},
  OPTkey = 	 {},
  OPTvolume = 	 {},
  OPTnumber = 	 {},
  OPTseries = 	 {},
  OPTaddress = 	 {},
  OPTedition = 	 {},
  OPTmonth = 	 {},
  OPTnote = 	 {},
  OPTannote = 	 {}
}

@InProceedings{Kemp2012,
  author = 	 {R. Kemp and M. Nakamura and D. J. Ward and K. Tobita and G. Federici},
  title = 	 {Benchmarking reactor systems studies by comparison of EU and Japanese system code results for different DEMO concepts},
  booktitle = {24th IAEA Fusion Energy Conference (FEC2012), San Diego, USA},
  year = 	 {2012}
}



@Article{Kemp2012a,
  author = 	 {R Kemp and H Utoh and DJ Ward and K Tobita and R Hiwatari and G Federici},
  title = 	 {Efforts towards improvement of systems codes for the Broader Approach DEMO design},
  journal = 	 {Fus. Eng. \& Design},
  year = 	 {2012},
  OPTkey = 	 {},
  volume = 	 {87},
  OPTnumber = 	 {},
  pages = 	 {864-867}
}

@Manual{userguide,
  title = 	 {A User Guide to the PROCESS Systems Code},
  OPTkey = 	 {},
  author = 	 {P.J. Knight},
  organization = {Culham Centre for Fusion Energy},
  OPTaddress = 	 {},
  edition = 	 {340},
  month = 	 {September},
  year = 	 {2014},
  OPTnote = 	 {},
  OPTannote = 	 {}
}


@Article{physicspaper,
  author = 	 {M. Kovari and R. Kemp and H. Lux and P. Knight and J. Morris and D.J. Ward},
  title = 	 {“PROCESS”: a systems code for fusion power plants - Part 1: Physics},
  journal = 	 {Fusion Engineering and Design},
  year = 	 {2014},
  OPTkey = 	 {},
  OPTvolume = 	 {},
  OPTnumber = 	 {},
  OPTpages = 	 {},
  OPTmonth = 	 {},
  OPTnote = 	 {},
  OPTannote = 	 {}
}


@Article{HYBRD1,
  author = 	 {J.J. More and B.S. Garbow and E. Hillstrom},
  title = 	 {User Guide for MINPAC-1},
  journal = 	 {Argonne National Laboratory Report ANL-80-74},
  year = 	 {1980},
  OPTkey = 	 {},
  OPTvolume = 	 {},
  OPTnumber = 	 {},
  OPTpages = 	 {},
  OPTmonth = 	 {},
  OPTnote = 	 {},
  OPTannote = 	 {}
}

@Article{HYBRD2,
  author = 	 {M.J. D. Powell},
  title = 	 {A Hybrid Method for Non-linear Algebraic Equations},
  journal = 	 {Numerical Methods for Non-linear Algebraic Equations, P. Rabinowitz, Prentice-Hall},
  year = 	 {1970},
  OPTkey = 	 {},
  OPTvolume = 	 {},
  OPTnumber = 	 {},
  OPTpages = 	 {},
  OPTmonth = 	 {},
  OPTnote = 	 {},
  OPTannote = 	 {}
}

@Article{VMCON,
  author = 	 {R.L. Crane and K.E. Hillstrom and M. Minkoff },
  title = 	 {Solution of the General Nonlinear Programming Problem with Subroutine VMCON},
  journal = 	 {Argonne National Laboratory Report ANL-80-64},
  year = 	 {1980},
  OPTkey = 	 {},
  OPTvolume = 	 {},
  OPTnumber = 	 {},
  OPTpages = 	 {},
  OPTmonth = 	 {},
  OPTnote = 	 {},
  OPTannote = 	 {}
}

@Article{Powell1978,
  author = 	 {M.J.D. Powell},
  title = 	 {A Fast Algorithm for Nonlinearly Constrained Optimization Calculations},
  journal = 	 {Lecture Notes in Mathematics, Springer-Verlag, Berlin},
  year = 	 {1978},
  OPTkey = 	 {},
  volume = 	 {630},
  OPTnumber = 	 {},
  pages = 	 {144-157},
  OPTmonth = 	 {},
  OPTnote = 	 {},
  OPTannote = 	 {}
}

@Article{Avriel2003,
  author = 	 {M. Avriel},
  title = 	 {Nonlinear Programming: Analysis and Methods},
  journal = 	 {Dover Publications, Inc., Mineola, NY},
  year = 	 {2003},
  OPTkey = 	 {},
  volume = 	 {},
  OPTnumber = 	 {},
  pages = 	 {},
  OPTmonth = 	 {},
  OPTnote = 	 {},
  OPTannote = 	 {}
}

@Book{Schittkowski1980,
  title = 	 {Nonlinear Programming Codes},
  author = 	 {P.J. Knight},
  OPTeditor = {},
  publisher = {Springer, Berlin},
  year = {1980},
  OPTvolume = 	 {},
  OPTseries = 	 {},
  OPTaddress = {},
  OPTedition = 	 {},
  OPTmonth = 	 {},
  OPTkey = 	 {},
}

@Book{Powell1964,
  title = 	 {An efficient method for finding the minimum of a function of several variables without calculating derivatives},
  author = 	 {M.J.D. Powell},
  OPTeditor = {},
  publisher = {Computer Journal},
  year = {1964},
  OPTvolume = 	 {7(2):155-162},
  OPTseries = 	 {},
  OPTaddress = {},
  OPTedition = 	 {},
  OPTmonth = 	 {},
  OPTkey = 	 {},
}

@Book{Powell1977,
  title = 	 {The convergence of variable metric methods for non-linearly constrained optimisation calculations},
  author = 	 {M.J.D. Powell},
  OPTeditor = {},
  publisher = {presented at Nonlinear Programming Symposium 3, Madison, Wisconsin,},
  year = {1977},
  OPTvolume = 	 {},
  OPTseries = 	 {},
  OPTaddress = {},
  OPTedition = 	 {},
  OPTmonth = 	 {},
  OPTkey = 	 {},
}

@Book{Han1975,
  title = 	 {A globally convergent method for nonlinear programming.},
  author = 	 {S.-P. Han},
  OPTeditor = {},
  publisher = {Technical Report 75-257, Department for Computer Science, Cornell University},
  year = {1975},
  OPTvolume = 	 {},
  OPTseries = 	 {},
  OPTaddress = {},
  OPTedition = 	 {},
  OPTmonth = 	 {},
  OPTkey = 	 {},
}

@Book{Fletcher1970a,
  title = 	 {A general quadratic programming algorithm},
  author = 	 {R. Fletcher},
  OPTeditor = {},
  publisher = {Technical Report T.P. 401, Atomic Energy Research Establishment},
  year = {1970},
  OPTvolume = 	 {},
  OPTseries = 	 {},
  OPTaddress = {},
  OPTedition = 	 {},
  OPTmonth = 	 {},
  OPTkey = 	 {},
}

@Book{Fletcher1970b,
  title = 	 {The calculation of feasible points for linearly constrained optimisation problems},
  author = 	 {R. Fletcher},
  OPTeditor = {},
  publisher = {Technical Report R.6354, Atomic Energy Research Establishment},
  year = {1970},
  OPTvolume = 	 {},
  OPTseries = 	 {},
  OPTaddress = {},
  OPTedition = 	 {},
  OPTmonth = 	 {},
  OPTkey = 	 {},
}

@Book{Fletcher1970c,
  title = 	 {A fortran subroutine for general quadratic programming},
  author = 	 {R. Fletcher},
  OPTeditor = {},
  publisher = {Technical Report R.6370, Atomic Energy Research Establishment},
  year = {1970},
  OPTvolume = 	 {},
  OPTseries = 	 {},
  OPTaddress = {},
  OPTedition = 	 {},
  OPTmonth = 	 {},
  OPTkey = 	 {},
}

@TechReport{Torrisi2014,
  author =      {S. Torrisi and F. Warmer},
  title =      {Design of an N-Dimensional Parameter Scanner for the Systems Code PROCESS},
  institution =  {MAX-PLANCK-INSTITUT F\"UR PLASMAPHYSIK},
  year =      {2014},
  number =      {13/23},
  month =      {December}
}

%%%%%%%%%%%%%%%%%%%%%%%%%%%%%%%%%%%%%%%%%%%%%%%%%%%
% Everything below here is Hanni's references from Radiation.bib


@InProceedings{Kallenbach2014,
  author = 	 {A. Kallenbach and M. Bernert and  M. Beurskens and L. Casali and T. Eich and L. Giannone and A. Herrmann and M. Maraschek  and et al.},
  title = 	 {Partial detachment of high power discharges in ASDEX Upgrade},
  OPTcrossref =  {},
  OPTkey = 	 {},
  booktitle = {IAEA 2014 Proceedings},
  OPTpages = 	 {},
  year = 	 {2014},
  OPTeditor = 	 {},
  OPTvolume = 	 {},
  OPTnumber = 	 {},
  OPTseries = 	 {},
  OPTaddress = 	 {},
  OPTmonth = 	 {},
  OPTorganization = {},
  OPTpublisher = {},
  OPTnote = 	 {},
  OPTannote = 	 {}
}

@article{Gilbert2011,
  author={M.R. Gilbert and J.-Ch. Sublet},
  title={Neutron-induced transmutation effects in W and W-alloys in a fusion environment},
  journal={Nuclear Fusion},
  volume={51},
  number={4},
  pages={043005},
  url={http://stacks.iop.org/0029-5515/51/i=4/a=043005},
  year={2011}
}
	

 
@InProceedings{Ward2014,
  author = 	 {D. J. Ward and R. Kemp},
  title = 	 {The resilience of an operating point for a fusion power plant},
  OPTcrossref =  {},
  OPTkey = 	 {},
  booktitle = {SOFT 2014 Proceedings},
  OPTpages = 	 {},
  year = 	 {2014},
  OPTeditor = 	 {},
  OPTvolume = 	 {},
  OPTnumber = 	 {},
  OPTseries = 	 {},
  OPTaddress = 	 {},
  OPTmonth = 	 {},
  OPTorganization = {},
  OPTpublisher = {},
  OPTnote = 	 {},
  OPTannote = 	 {}
}

@article{Zohm2013,
title = "Assessment of \{DEMO\} challenges in technology and physics ",
journal = "Fusion Engineering and Design ",
volume = "88",
number = "6–8",
pages = "428 - 433",
year = "2013",
note = "Proceedings of the 27th Symposium On Fusion Technology (SOFT-27); Liège, Belgium, September 24-28, 2012 ",
issn = "0920-3796",
doi = "http://dx.doi.org/10.1016/j.fusengdes.2013.01.001",
url = "http://www.sciencedirect.com/science/article/pii/S0920379613000021",
author = "Hartmut Zohm",
keywords = "Tokamak fusion reactor",
keywords = "Pulsed \{DEMO\}",
keywords = "Conservative \{DEMO\} "
}


@article{McDermott2011,
  author={R M McDermott and C Angioni and R Dux and E Fable and T Pütterich and F Ryter and A Salmi and T Tala and G Tardini and E Viezzer and the
ASDEX Upgrade Team},
  title={Core momentum and particle transport studies in the ASDEX Upgrade tokamak},
  journal={Plasma Physics and Controlled Fusion},
  volume={53},
  number={12},
  pages={124013},
  url={http://stacks.iop.org/0741-3335/53/i=12/a=124013},
  year={2011}
}
	


 	
@article{Casson2013,
  author={F.J. Casson and R.M. McDermott and C. Angioni and Y. Camenen and R. Dux and E. Fable and R. Fischer and B. Geiger and P. Manas and L.
Menchero and G. Tardini and the ASDEX Upgrade Team},
  title={Validation of gyrokinetic modelling of light impurity transport including rotation in ASDEX Upgrade},
  journal={Nuclear Fusion},
  volume={53},
  number={6},
  pages={063026},
  url={http://stacks.iop.org/0029-5515/53/i=6/a=063026},
  year={2013}
}
	



@article{Angioni2014,
  author={C. Angioni and P. Mantica and T. Pütterich and M. Valisa and M. Baruzzo and E.A. Belli and P. Belo and F.J. Casson and C. Challis and P.
Drewelow and C. Giroud and N. Hawkes and T.C. Hender and J. Hobirk and T. Koskela and L. Lauro Taroni and C.F. Maggi and J.
Mlynar and T. Odstrcil and M.L. Reinke and M. Romanelli and JET EFDA Contributors},
  title={Tungsten transport in JET H-mode plasmas in hybrid scenario, experimental observations and modelling},
  journal={Nuclear Fusion},
  volume={54},
  number={8},
  pages={083028},
  url={http://stacks.iop.org/0029-5515/54/i=8/a=083028},
  year={2014}
}
	


@article{IPB1999Chap4,
  author={ITER Physics Expert Group on Divertor and ITER Physics Expert Group on Divertor Modelling and
Database and ITER Physics Basis Editors},
  title={Chapter 4: Power and particle control},
  journal={Nuclear Fusion},
  volume={39},
  number={12},
  pages={2391},
  url={http://stacks.iop.org/0029-5515/39/i=12/a=304},
  year={1999}
}
	



@article{IPB1999Chap2,
  author={ITER Physics Expert Group on Confinement and Transport and ITER Physics Expert Group on Confinement
Modelling and Database and ITER Physics Basis Editors},
  title={Chapter 2: Plasma confinement and transport},
  journal={Nuclear Fusion},
  volume={39},
  number={12},
  pages={2175},
  url={http://stacks.iop.org/0029-5515/39/i=12/a=302},
  year={1999}
}
	

@Article{Dux2014,
  author = 	 {R. Dux and A. Loarte and E. Fable and A. Kukushkin},
  title = 	 {Transport of tungsten in the H-mode edge transport barrier of ITER},
  journal = 	 {Plasma Physics and Controlled Fusion},
  year = 	 {2014},
  OPTkey = 	 {},
  OPTvolume = 	 {},
  OPTnumber = 	 {},
  OPTpages = 	 {},
  month = 	 {Nov.},
  OPTnote = 	 {},
  OPTannote = 	 {}
}

@TechReport{Behringer1987,
  author = 	 {K. Behringer},
  title = 	 {Description of the Impurity Transport Code STRAHL},
  institution =  {JET Joint Undertaking, Culham},
  year = 	 {1987},
  OPTkey = 	 {},
  OPTtype = 	 {},
  number = 	 {JET-R(87)08},
  OPTaddress = 	 {},
  OPTmonth = 	 {},
  OPTnote = 	 {},
  OPTannote = 	 {}
}

@Article{Linke2006,
  author = 	 {J. Linke},
  title = 	 {High Heat Flux Performance of Plasma Facing Materials and Components Under Service Conditions in Future Fusion Reactors},
  journal = 	 {Fusion Science and Technology },
  year = 	 {2006},
  volume = 	 {49},
  number = 	 {2T},
  pages = 	 {455-464},
  month = 	 {Feb.}
}

@article{Makowski2012,
   author = "Makowski, M. A. and Elder, D. and Gray, T. K. and LaBombard, B. and Lasnier, C. J. and Leonard, A. W. and Maingi, R. and Osborne, T. H. and Stangeby, P. C. and Terry, J. L. and Watkins, J.",
   title = "Analysis of a multi-machine database on divertor heat fluxes",
   journal = "Physics of Plasmas (1994-present)",
   year = "2012",
   volume = "19",
   number = "5", 
   eid = 056122,
   pages = "-",
   url = "http://scitation.aip.org/content/aip/journal/pop/19/5/10.1063/1.4710517",
   doi = "http://dx.doi.org/10.1063/1.4710517" 
}


@article{Puetterich2010,
  author={T. Pütterich and R. Neu and R. Dux and A.D. Whiteford and M.G. O'Mullane and H.P. Summers and the ASDEX Upgrade Team},
  title={Calculation and experimental test of the cooling factor of tungsten},
  journal={Nuclear Fusion},
  volume={50},
  number={2},
  pages={025012},
  url={http://stacks.iop.org/0029-5515/50/i=2/a=025012},
  year={2010}
}
	

@article{Eich2011,
  title = {Inter-ELM Power Decay Length for JET and ASDEX Upgrade: Measurement and Comparison with Heuristic Drift-Based Model},
  author = {Eich, T. and Sieglin, B. and Scarabosio, A. and Fundamenski, W. and Goldston, R. J. and Herrmann, A.},
  collaboration = {ASDEX Upgrade Team},
  journal = {Phys. Rev. Lett.},
  volume = {107},
  issue = {21},
  pages = {215001},
  numpages = {4},
  year = {2011},
  month = {Nov},
  publisher = {American Physical Society},
  doi = {10.1103/PhysRevLett.107.215001},
  url = {http://link.aps.org/doi/10.1103/PhysRevLett.107.215001}
}



@Article{Lackner1994,
  author = 	 {K. Lackner},
  title = 	 {Figures of Merit for Divertor Similarity},
  journal = 	 {Comments Plasma Phys. Contr. Fus.},
  year = 	 {1994},
  volume = 	 {15},
  number = 	 {6},
  pages = 	 {359-365}
}

@TechReport{ITER1996,
  author = 	 {D. Boucher},
  title = 	 {ITER Physics Design Description Document},
  OPTinstitution =  {},
  year = 	 {1996},
  OPTkey = 	 {},
  OPTtype = 	 {},
  OPTnumber = 	 {},
  OPTaddress = 	 {},
  OPTmonth = 	 {},
  OPTnote = 	 {},
  OPTannote = 	 {}
}

@InProceedings{ITER1997,
  author = 	 {J. A. Snipes},
  title = 	 {ITER H-mode Threshold Database Working Group},
  OPTcrossref =  {},
  OPTkey = 	 {},
  booktitle = {Controlled Fusion and Plasma Physics, 24th EPS Conference, Berchtesgaden},
  pages = 	 {961},
  year = 	 {1997},
  OPTeditor = 	 {},
  volume = 	 {21A, part III},
  OPTnumber = 	 {},
  OPTseries = 	 {},
  OPTaddress = 	 {},
  month = 	 {June},
  OPTorganization = {},
  OPTpublisher = {},
  OPTnote = 	 {},
  OPTannote = 	 {}
}


@Manual{Summers2007,
  title = 	 {Atomic Data and Analysis Structure User Manual},
  OPTkey = 	 {},
  author = 	 {H. P. Summers},
  OPTorganization = {},
  OPTaddress = 	 {},
  OPTedition = 	 {},
  OPTmonth = 	 {},
  year = 	 {2007},
  note = 	 {version 2.6},
  OPTannote = 	 {}
}

@article{Sertoli2011,
  author={M Sertoli and C Angioni and R Dux and R Neu and T Pütterich and V Igochine and the ASDEX Upgrade Team},
  title={Local effects of ECRH on argon transport in L-mode discharges at ASDEX Upgrade},
  journal={Plasma Physics and Controlled Fusion},
  volume={53},
  number={3},
  pages={035024},
  url={http://stacks.iop.org/0741-3335/53/i=3/a=035024},
  year={2011}
}
	


@article{Federici2014,
title = "Overview of EU DEMO design and R\&D activities ",
journal = "Fusion Engineering and Design ",
volume = "89",
number = "7–8",
pages = "882 - 889",
year = "2014",
note = "Proceedings of the 11th International Symposium on Fusion Nuclear Technology-11 (ISFNT-11) Barcelona, Spain, 15-20 September, 2013 ",
issn = "0920-3796",
doi = "http://dx.doi.org/10.1016/j.fusengdes.2014.01.070",
url = "http://www.sciencedirect.com/science/article/pii/S0920379614000714",
author = "G. Federici and R. Kemp and D. Ward and C. Bachmann and T. Franke and S. Gonzalez and C. Lowry and M. Gadomska and J. Harman and B. Meszaros and C. Morlock and F. Romanelli and R. Wenninger"
}



@article{Rapp2002,
  author={J Rapp and T Eich and M von Hellermann and A Herrmann and L C Ingesson and S Jachmich and G F Matthews and V Philipps and G
Saibene and contributors to the EFDA-JET Workprogramme},
  title={ELM mitigation by nitrogen seeding in the JET gas box divertor},
  journal={Plasma Physics and Controlled Fusion},
  volume={44},
  number={6},
  pages={639},
  url={http://stacks.iop.org/0741-3335/44/i=6/a=302},
  year={2002}
}
	


	
@article{Beurskens2013,
  author={M.N.A. Beurskens and L. Frassinetti and C. Challis and T. Osborne and P.B. Snyder and B. Alper and C. Angioni and C.
Bourdelle and P. Buratti and F. Crisanti and E. Giovannozzi and C. Giroud and R. Groebner and J. Hobirk and I. Jenkins and E.
Joffrin and M.J. Leyland and P. Lomas and P. Mantica and D. McDonald and I. Nunes and F. Rimini and S. Saarelma and I.
Voitsekhovitch and P. de Vries and D. Zarzoso and JET-EFDA Contributors},
  title={Comparison of hybrid and baseline ELMy H-mode confinement in JET with the carbon wall},
  journal={Nuclear Fusion},
  volume={53},
  number={1},
  pages={013001},
  url={http://stacks.iop.org/0029-5515/53/i=1/a=013001},
  year={2013}
}
	
  	
@article{Angioni2011,
  author={C. Angioni and R.M. McDermott and E. Fable and R. Fischer and T. Pütterich and F. Ryter and G. Tardini and the ASDEX Upgrade
Team},
  title={Gyrokinetic modelling of electron and boron density profiles of H-mode plasmas in ASDEX Upgrade},
  journal={Nuclear Fusion},
  volume={51},
  number={2},
  pages={023006},
  url={http://stacks.iop.org/0029-5515/51/i=2/a=023006},
  year={2011}
}



@article{Angioni2009,
  author={C Angioni and E Fable and M Greenwald and M Maslov and A G Peeters and H Takenaga and H Weisen},
  title={Particle transport in tokamak plasmas, theory and experiment},
  journal={Plasma Physics and Controlled Fusion},
  volume={51},
  number={12},
  pages={124017},
  url={http://stacks.iop.org/0741-3335/51/i=12/a=124017},
  year={2009}
}
	


@article{Puetterich2011,
title = "\{ELM\} flushing and impurity transport in the H-mode edge barrier in \{ASDEX\} Upgrade ",
journal = "Journal of Nuclear Materials ",
volume = "415",
number = "1, Supplement",
pages = "S334 - S339",
year = "2011",
note = "Proceedings of the 19th International Conference on Plasma-Surface Interactions in Controlled Fusion ",
issn = "0022-3115",
doi = "http://dx.doi.org/10.1016/j.jnucmat.2010.09.052",
url = "http://www.sciencedirect.com/science/article/pii/S0022311510005623",
author = "T. Puetterich and R. Dux and M.A. Janzer and R.M. McDermott"
}





@article{Pacher2011,
title = "Modelling of the \{ITER\} reference divertor plasma ",
journal = "Journal of Nuclear Materials ",
volume = "415",
number = "1, Supplement",
pages = "S492 - S496",
year = "2011",
note = "Proceedings of the 19th International Conference on Plasma-Surface Interactions in Controlled Fusion ",
issn = "0022-3115",
doi = "http://dx.doi.org/10.1016/j.jnucmat.2010.10.083",
url = "http://www.sciencedirect.com/science/article/pii/S0022311510006811",
author = "H.D. Pacher and A.S. Kukushkin and G.W. Pacher and V. Kotov and D. Reiter"
}


@article{Martin2008,
  author={Y R Martin and T Takizuka and the ITPA CDBM H-mode Threshold Database Working Group},
  title={Power requirement for accessing the H-mode in ITER},
  journal={Journal of Physics: Conference Series},
  volume={123},
  number={1},
  pages={012033},
  url={http://stacks.iop.org/1742-6596/123/i=1/a=012033},
  year={2008}
}


@article{Carolan1983,
  title={The behaviour of impurities out of coronal equilibrium},
  author={Carolan, PG and Piotrowicz, VA},
  journal={Plasma Physics},
  volume={25},
  number={10},
  pages={1065},
  year={1983},
  publisher={IOP Publishing}
}


@Article{Kemp2014,
  author = 	 {R. Kemp and E. Fable and H. Lux and R. Wenninger},
  title = 	 {Radiation and Confinement in 0-D fusion system Codes},
  journal = 	 {in prep},
  year = 	 {2015},
  OPTkey = 	 {},
  OPTvolume = 	 {},
  OPTnumber = 	 {},
  OPTpages = 	 {},
  OPTmonth = 	 {},
  OPTnote = 	 {},
  OPTannote = 	 {}
}

@article{Kotschenreuther2010,
  author={M. Kotschenreuther and P. Valanju and S. Mahajan and L.J. Zheng and L.D. Pearlstein and R.H. Bulmer and J. Canik and R. Maingi},
  title={The super X divertor (SXD) and a compact fusion neutron source (CFNS)},
  journal={Nuclear Fusion},
  volume={50},
  number={3},
  pages={035003},
  url={http://stacks.iop.org/0029-5515/50/i=3/a=035003},
  year={2010}
}
@article{Kotschenreuther2007,
   author = "Kotschenreuther, M. and Valanju, P. M. and Mahajan, S. M. and Wiley, J. C.",
   title = "On heat loading, novel divertors, and fusion reactors",
   journal = "Physics of Plasmas",
   year = "2007",
   volume = "14",
   number = "7", 
   eid = 072502,
   pages = "-",
   url = "http://scitation.aip.org/content/aip/journal/pop/14/7/10.1063/1.2739422",
   doi = "http://dx.doi.org/10.1063/1.2739422" 
}



	

@TechReport{Summers1974,
  author = 	 {Summers},
  title = 	 {Tables and graphs of collisional dielectronic recombination and ionisation equilibra of H-like to A-like ions of elements.},
  institution =  {Appleton Laboratory},
  year = 	 {1974},
  OPTkey = 	 {},
  OPTtype = 	 {},
  number = 	 {IM-367},
  OPTaddress = 	 {},
  OPTmonth = 	 {},
  OPTnote = 	 {},
  OPTannote = 	 {}
}

@Article{Arnaud1992,
  author = 	 {Arnaud and Raymond},
  OPTtitle = 	 {},
  journal = 	 {Astrophys. J},
  year = 	 {1992},
  OPTkey = 	 {},
  volume = 	 {398},
  OPTnumber = 	 {},
  OPTpages = 	 {},
  OPTmonth = 	 {},
  OPTnote = 	 {},
  OPTannote = 	 {}
}

@ARTICLE{1985A&AS...60..425A,
   author = {{Arnaud}, M. and {Rothenflug}, R.},
    title = "{An updated evaluation of recombination and ionization rates}",
  OPTjournal = {\aaps},
  journal = {Astron. \& Astrophys. Supp. Ser.},
 keywords = {Astrophysics, Cosmic Plasma, Electron-Ion Recombination, Ion Production Rates, Ionization Coefficients, Recombination Coefficient, Autoionization, Charge Exchange, Ionization Cross Sections, Isoelectronic Sequence, Quantum Mechanics, Radiative Recombination},
     year = 1985,
    month = jun,
   volume = 60,
    pages = {425-457},
   adsurl = {http://adsabs.harvard.edu/abs/1985A%26AS...60..425A},
  adsnote = {Provided by the SAO/NASA Astrophysics Data System}
}



@Article{Summers2006,
  author = 	 {H. P. Summers and W. J. Dickson and M. G. O'Mullane and N. R. Badnell and A. D. Whiteford and D. H. Brooks and J. Lang and S. D. Loch and D. C. Griffin},
  title = 	 { Ionization state, excited populations and emission of impurities in dynamic finite density plasmas: I. The generalized collisional-radiative model for light elements.},
  journal = 	 { Plasma Phys. Control. Fusion},
  year = 	 {2006},
  OPTkey = 	 {},
  volume = 	 {48},
  number = 	 {2},
  pages = 	 {263-293},
  OPTmonth = 	 {},
  OPTnote = 	 {},
  OPTannote = 	 {}
}

@Article{Puetterich2008,
  author = 	 {T.~P\"utterich and R.~Neu and R.~Dux and A.~D.~Whiteford and M.~G.~O'Mullane and et al.},
  title = 	 {Modelling of measured tungsten spectra from ASDEX Upgrade and predictions for ITER},
  journal = 	 {Plasma Phys. Contr. Fusion},
  year = 	 {2008},
  OPTkey = 	 {},
  volume = 	 {50},
  number = 	 {8},
  pages = 	 {085016},
  OPTmonth = 	 {},
  OPTnote = 	 {},
  OPTannote = 	 {}
}

@Article{Albajar2001,
  author = 	 {Albajar and Johner and Granata},
  title = 	 {Improved calculation of synchrotron radiation losses in realistic tokamak plamsas},
  journal = 	 {Nucl. Fusion},
  year = 	 {2001},
  OPTkey = 	 {},
  volume = 	 {41},
  number = 	 {6},
  pages = 	 {665},
  OPTmonth = 	 {},
  OPTnote = 	 {},
  OPTannote = 	 {}
}

@Article{Fidone2001,
  author = 	 {Fidone and Giruzzi and Granata},
  title = 	 {Synchrotron radiation loss in tokamaks of arbitrary geometry},
  journal = 	 {Nucl. Fusion},
  year = 	 {2001},
  OPTkey = 	 {},
  volume = 	 {41},
  number = 	 {12},
  pages = 	 {1755},
  OPTmonth = 	 {},
  OPTnote = 	 {},
  OPTannote = 	 {}
}

@TechReport{Jintrac,
  author = 	 {S. Wiesen},
  title = 	 {JINTRAC - JET modelling suite},
  institution =  {JET},
  year = 	 {2008},
  OPTkey = 	 {},
  OPTtype = 	 {},
  OPTnumber = 	 {},
  OPTaddress = 	 {},
  OPTmonth = 	 {},
  OPTnote = 	 {},
  OPTannote = 	 {}
}

@TechReport{Jetto,
  author = 	 {G Cenacchi and A Taroni},
  OPTtitle = 	 {JETTO: A free-boundary plasma transport code (basic version)},
  institution =  {JET},
  number = 	 {IR(88)03}
}





@Article{Kovari2014,
  author = 	 {M. Kovari and R. Kemp and H. Lux and P. Knight and J. Morris and D.J. Ward},
  title = 	 {“PROCESS”: a systems code for fusion power plants - Part 1: Physics},
  journal = 	 {submitted to Fusion Engineering and Design},
  year = 	 {2014},
  OPTkey = 	 {},
  OPTvolume = 	 {},
  OPTnumber = 	 {},
  OPTpages = 	 {},
  OPTmonth = 	 {},
  OPTnote = 	 {},
  OPTannote = 	 {}
}

@TechReport{Dux2006,
  author = 	 {R.~Dux},
  title = 	 {Laborbericht 10/30},
  institution =  {IPP Garching},
  year = 	 {2006}
}

@Misc{Reux2013,
  OPTkey = 	 {},
  author = 	 {C. Reux and  F. Imbeaux and J.-F. Artaud and P. Bernardi and J. Bucalossi  et al.},
  OPTauthor = 	 {C. Reux and  F. Imbeaux and J.-F. Artaud and P. Bernardi and J. Bucalossi and J.-L. Duchateau and C. Fausser and J.-C. Jaboulay and A. Li-Puma and R. Kemp and B. Saoutic and D. J. Ward},
  title = 	 {SYCOMORE: a modular system code for DEMO reactor design },
  howpublished = {Poster at 2nd IAEA DEMO Programme Workshop, Vienna, Austria. },
  month = 	 {December},
  year = 	 {2013},
  OPTnote = 	 {},
  OPTannote = 	 {}
}

@article{Artaud2010,
   author={J.F. Artaud and V. Basiuk and F. Imbeaux and M. Schneider and J. Garcia et al.},
  OPTauthor={J.F. Artaud and V. Basiuk and F. Imbeaux and M. Schneider and J. Garcia and G. Giruzzi and P. Huynh and T. Aniel and F. Albajar and J.M.
Ané and A. Bécoulet and C. Bourdelle and A. Casati and L. Colas and J. Decker and R. Dumont and L.G. Eriksson and X. Garbet and R.
Guirlet and P. Hertout and G.T. Hoang and W. Houlberg and G. Huysmans and E. Joffrin and S.H. Kim and F. Köchl and J. Lister and X.
Litaudon and P. Maget and R. Masset and B. Pégourié and Y. Peysson and P. Thomas and E. Tsitrone and F. Turco},
  title={The CRONOS suite of codes for integrated tokamak modelling},
  journal={Nuclear Fusion},
  volume={50},
  number={4},
  pages={043001},
  url={http://stacks.iop.org/0029-5515/50/i=4/a=043001},
  year={2010}
}
	

@Article{Johner2011,
  author = 	 {J. Johner},
  title = 	 {HELIOS: A Zero-Dimensional Tool for Next Step and Reactor Studies},
  journal = 	 {Fusion Science and Technology},
  year = 	 {2011},
  volume = 	 {59},
  number =	 {2},
  pages = 	 {308-349},
  month = 	 {February}
 }

@article{Jaboulay2013,
OPTtitle = "Neutronic predesign tool for fusion power reactors system assessment ",
journal = "Fusion Engineering and Design ",
volume = "88",
number = "9–10",
pages = "2336 - 2342",
year = "2013",
OPTnote = "Proceedings of the 27th Symposium On Fusion Technology (SOFT-27); Liège, Belgium, September 24-28, 2012",
issn = "0920-3796",
doi = "http://dx.doi.org/10.1016/j.fusengdes.2013.05.082",
url = "http://www.sciencedirect.com/science/article/pii/S092037961300522X",
author = "J.-C. Jaboulay and A. Li Puma and J. Martínez Arroyo"
}


@TechReport{Lowry2012,
  author = 	 {C. Lowry and L. Garzotti and T. Hartmann and I. Ivanova-Stanik and J. Johner and et al.},
  OPTauthor = 	 {C. Lowry and L. Garzotti and T. Hartmann and I. Ivanova-Stanik and J. Johner and R. Kemp and V. Kotov and M. Kovari and D. Reiter and R. Stankiewicz and D. Ward and R. Zargorski},
  title = 	 {Activity 4, Divertor Physics},
  institution =  {UKAEA/Euratom Fusion Association},
  year = 	 {2012},
  OPTkey = 	 {},
  OPTtype = 	 {},
  OPTnumber = 	 {},
  OPTaddress = 	 {},
  month = 	 {April},
  OPTnote = 	 {},
  OPTannote = 	 {}
}

@article{Reinke2011,
title = "Effect of N2, Ne and Ar seeding on Alcator C-Mod H-mode confinement ",
journal = "Journal of Nuclear Materials ",
volume = "415",
number = "1, Supplement",
pages = "S340 - S344",
year = "2011",
OPTnote = "Proceedings of the 19th International Conference on Plasma-Surface Interactions in Controlled Fusion ",
issn = "0022-3115",
doi = "http://dx.doi.org/10.1016/j.jnucmat.2010.10.055",
url = "http://www.sciencedirect.com/science/article/pii/S0022311510006483",
author = {M.L. Reinke and J.W. Hughes and A. Loarte and D. Brunner and I.H. Hutchinson and et al.},
OPTauthor = "M.L. Reinke and J.W. Hughes and A. Loarte and D. Brunner and I.H. Hutchinson and B. LaBombard and J. Payne and J.L. Terry"
}




  	
@Article{Houlberg1997,
  author = 	 {W.~A.~Houlberg and et al.},
  OPTtitle = 	 {},
  journal = 	 { Phys. Plasmas},
  year = 	 {1997},
  OPTkey = 	 {},
  volume = 	 {4},
  OPTnumber = 	 {},
  pages = 	 {3230},
  OPTmonth = 	 {},
  OPTnote = 	 {},
  OPTannote = 	 {}
}

@article{Kallenbach2012,
  OPTauthor={A. Kallenbach and M. Bernert and T. Eich and J.C. Fuchs and L. Giannone and A. Herrmann and J. Schweinzer and W. Treutterer and the
ASDEX Upgrade Team},
  author={A. Kallenbach and M. Bernert and T. Eich and J.C. Fuchs and L. Giannone and  et al.},
  title={Optimized tokamak power exhaust with double radiative feedback in ASDEX Upgrade},
  journal={Nuclear Fusion},
  volume={52},
  number={12},
  pages={122003},
  url={http://stacks.iop.org/0029-5515/52/i=12/a=122003},
  year={2012}
}
	
@article{Eich2013,
  author={T. Eich and A.W. Leonard and R.A. Pitts and W. Fundamenski and R.J. Goldston and T.K. Gray and A. Herrmann and A. Kirk and A.
Kallenbach and O. Kardaun and A.S. Kukushkin and B. LaBombard and R. Maingi and M.A. Makowski and A. Scarabosio and B.
Sieglin and J. Terry and A. Thornton and ASDEX Upgrade Team and JET EFDA Contributors},
  title={Scaling of the tokamak near the scrape-off layer H-mode power width and implications for ITER},
  journal={Nuclear Fusion},
  volume={53},
  number={9},
  pages={093031},
  url={http://stacks.iop.org/0029-5515/53/i=9/a=093031},
  year={2013}
}

 
 
 

@Article{Kallenbach2013,
  author = 	 {A.~Kallenbach and M.~Bernert and R.~Dux and L.~Casali and T.~Eich and et~al.},
  title = 	 {Impurity seeding for tokamak power exhaust: from present devies via ITER to DEMO},
  journal = 	 { Plasma Phys. Control. Fusion},
  year = 	 {2013},
  OPTkey = 	 {},
  volume = 	 {55},
  OPTnumber = 	 {},
  pages = 	 {124041},
  OPTmonth = 	 {},
  OPTnote = 	 {},
  OPTannote = 	 {}
}

@TechReport{hender92,

  OPTauthor =              {Hender, T. C. and Bevir, M. K. and Cox, M. and Hastie, R. J. and Knight, P. J. and Lashmore-Davies, C. N. and Lloyd, B. and Maddison, G. P. and Morris, A. W. and O'Brien, M. R. and Turner, M. F. and Wilson, H. R.},

  author = {Hender, T. C. and Bevir, M. K. and Cox, M. and Hastie, R. J. and Knight, P. J. and et al.  },

  title =  {Physics assessment for the {E}uropean reactor study},

  institution =  {UKAEA/Euratom Fusion Association},

  year =  1992,

  number =           {AEA FUS 172}

}


@TechReport{Giruzzi2013,
  author = 	 {G. Giruzzi and J.F. Artaud and T. Bolzonella and E. Fable and L. Garzotti  et al.},
  OPTauthor = 	 {G. Giruzzi and J.F. Artaud and T. Bolzonella and E. Fable and L. Garzotti and I. Ivanova-Stanik and D. King and R. Stankiewicz and W. Stępniewski and P. Vincenzi and R. Zagórski},
  title = 	 {Scenario modelling},
  institution =  {EFDA-Power Plant Physics \& Technology},
  year = 	 {2013},
  OPTkey = 	 {},
  OPTtype = 	 {},
  OPTnumber = 	 {},
  OPTaddress = 	 {},
  month = 	 {December},
  note = 	 {WP13-SYS01B-D06},
  OPTannote = 	 {}
}


@TechReport{Ward2013,
   author = 	 {D Ward and C Bustreo and F Franza and W Han and T Hartmann and et al.},
  OPTauthor = 	 {D Ward and C Bustreo and F Franza and W Han and T Hartmann and R Kemp and M Kovari and P Knight and J Morris and F Orsitto and C Reux and J C Rivas},
  title = 	 {Final Report on Systems Code Activities},
  institution =  {EFDA-Power Plant Physics \& Technology},
  year = 	 {2013},
  OPTkey = 	 {},
  OPTtype = 	 {},
  number = 	 {FU07-CT-2013-00042},
  OPTaddress = 	 {},
  month = 	 {December},
  OPTnote = 	 {},
  OPTannote = 	 {}
}

